<record><leader>00000cas a2200000 a 4500</leader><controlfield tag="001">86107323</controlfield><controlfield tag="008">070322c20069999nduwr ne      0    0eng c</controlfield><datafield ind1=" " ind2=" " tag="010"><subfield code="a">sn2007058044</subfield></datafield><datafield ind1=" " ind2=" " tag="040"><subfield code="a">NOP</subfield><subfield code="b">eng</subfield><subfield code="c">NOP</subfield><subfield code="d">HND</subfield><subfield code="d">DLC</subfield><subfield code="d">OCLCQ</subfield><subfield code="d">OCLCF</subfield></datafield><datafield ind1="1" ind2=" " tag="029"><subfield code="a">AU@</subfield><subfield code="b">000041417326</subfield></datafield><datafield ind1=" " ind2=" " tag="042"><subfield code="a">pcc</subfield></datafield><datafield ind1=" " ind2=" " tag="043"><subfield code="a">n-us-nd</subfield></datafield><datafield ind1="0" ind2=" " tag="130"><subfield code="a">Griggs County courier (Cooperstown, N.D. : 2006)</subfield></datafield><datafield ind1="1" ind2="0" tag="245"><subfield code="a">Griggs County courier.</subfield></datafield><datafield ind1=" " ind2=" " tag="260"><subfield code="a">Cooperstown, N.D. :</subfield><subfield code="b">Flatland Pub.,</subfield><subfield code="c">2006-</subfield></datafield><datafield ind1=" " ind2=" " tag="300"><subfield code="a">v. :</subfield><subfield code="b">ill. (some col.) ;</subfield><subfield code="c">45 cm.</subfield></datafield><datafield ind1=" " ind2=" " tag="310"><subfield code="a">Weekly</subfield></datafield><datafield ind1="0" ind2=" " tag="362"><subfield code="a">Vol. 124, no. 1 (Jan. 6, 2006)-</subfield></datafield><datafield ind1=" " ind2=" " tag="500"><subfield code="a">"The official newspaper of Griggs County"--Publisher's statement.</subfield></datafield><datafield ind1=" " ind2=" " tag="530"><subfield code="a">Available on microfilm from the State Historical Society of North Dakota.</subfield></datafield><datafield ind1=" " ind2="0" tag="651"><subfield code="a">Griggs County (N.D.)</subfield><subfield code="v">Newspapers.</subfield></datafield><datafield ind1=" " ind2="7" tag="655"><subfield code="a">Newspapers.</subfield><subfield code="2">fast</subfield><subfield code="0">(OCoLC)fst01423814</subfield></datafield><datafield ind1=" " ind2="7" tag="651"><subfield code="a">North Dakota</subfield><subfield code="z">Griggs County.</subfield><subfield code="2">fast</subfield><subfield code="0">(OCoLC)fst01221198</subfield></datafield><datafield ind1=" " ind2=" " tag="752"><subfield code="a">United States</subfield><subfield code="b">North Dakota</subfield><subfield code="c">Griggs.</subfield></datafield><datafield ind1=" " ind2=" " tag="752"><subfield code="a">United States</subfield><subfield code="b">North Dakota</subfield><subfield code="c">Griggs</subfield><subfield code="d">Cooperstown.</subfield></datafield><datafield ind1="0" ind2="0" tag="780"><subfield code="t">Griggs County sentinel-courier</subfield><subfield code="w">(DLC)sn 88076343</subfield><subfield code="w">(OCoLC)1751591</subfield></datafield></record>